@article{hfut-thesis,
    author    = {Liangliang},
    journal   = {LaTeX Template},
    publisher = {Github},
    title     = {HFUT Thesis Template based on LaTeX},
    url       = {https://github.com/shinyypig/HFUT-Thesis},
    year      = {2023}
}
